@article{Mathlouthi80a,
author = {Mathlouthi, Mohamed and Luu, Dang Vinh},
doi = {http://dx.doi.org/10.1016/S0008-6215(00)85652-9},
issn = {0008-6215},
journal = {Carbohydr Res },
number = {2},
pages = {203--212},
title = {{Laser-raman spectra of d-glucose and sucrose in aqueous solution}},
url = {http://www.sciencedirect.com/science/article/pii/S0008621500856529},
volume = {81},
year = {1980}
}

@article{Brown73a,
  title={Further refinement of the structure of sucrose based on neutron-diffraction data},
  author={Brown, GEORGE M and Levy, HENRI A},
  journal={Acta Cryst. B},
  volume={29},
  number={4},
  pages={790--797},
  year={1973},
  publisher={International Union of Crystallography}
}

@article{GROMOS,
  title={GROMOS force field},
  author={van Gunsteren, Wilfred F and Daura, Xavier and Mark, Alan E},
  journal={Encyclopedia of Comput. Chem.},
  year={1998},
  volume = {2},
  pages={1211},
  publisher={Wiley Online Library}
}

@article{kavcurakova1996ftir,
  title={FTIR and laser-Raman spectra of oligosaccharides in water: characterization of the glycosidic bond},
  author={Ka{\v{c}}ur{\'a}kov{\'a}, Marta and Mathlouthi, Mohamed},
  journal={Carbohydr Res},
  volume={284},
  number={2},
  pages={145--157},
  year={1996},
  publisher={Elsevier}
}
@article{Metropolis53a,
   author = "Metropolis, Nicholas and Rosenbluth, Arianna W. and Rosenbluth, Marshall N. and Teller, Augusta H. and Teller, Edward",
   title = "Equation of State Calculations by Fast Computing Machines",
   journal = "J. Chem. Phys.",
   year = "1953",
   volume = "21",
   number = "6",
   pages = "1087-1092",
   url = "http://scitation.aip.org/content/aip/journal/jcp/21/6/10.1063/1.1699114",
   doi = "http://dx.doi.org/10.1063/1.1699114"
}
@article {Baysal99a,
author = {Baysal, Canan and Meirovitch, Hagai},
title = {Efficiency of simulated annealing for peptides with increasing geometrical restrictions},
journal = {J. Comp. Chem.},
volume = {20},
number = {15},
publisher = {John Wiley & Sons, Inc.},
issn = {1096-987X},
url = {http://dx.doi.org/10.1002/(SICI)1096-987X(19991130)20:15<1659::AID-JCC6>3.0.CO;2-F},
doi = {10.1002/(SICI)1096-987X(19991130)20:15<1659::AID-JCC6>3.0.CO;2-F},
pages = {1659--1670},
keywords = {simulated annealing, molecular dynamics, Monte Carlo, peptides, NMR distance restraints, energy minimization},
year = {1999}
}
@article{Oakley14a,
author = {Oakley, Mark T. and Johnston, Roy L.},
doi = {10.1021/ct500004k},
issn = {1549-9618},
journal = {J. Chem. Theor. Comput.},
keywords = {cyclic peptide},
mendeley-tags = {cyclic peptide},
month = apr,
number = {4},
pages = {1810--1816},
publisher = {American Chemical Society},
title = {{Energy Landscapes and Global Optimization of Self-Assembling Cyclic Peptides}},
url = {http://dx.doi.org/10.1021/ct500004k},
volume = {10},
year = {2014}
}
@article{Oakley14b,
author = {Oakley, Mark T. and Johnston, Roy L.},
doi = {10.1021/ct500004k},
issn = {1549-9618},
journal = {J. Chem. Theor. Comput. },
keywords = {cyclic peptide},
mendeley-tags = {cyclic peptide},
month = apr,
number = {4},
pages = {1810--1816},
publisher = {American Chemical Society},
title = {{Energy Landscapes and Global Optimization of Self-Assembling Cyclic Peptides}},
url = {http://dx.doi.org/10.1021/ct500004k},
volume = {10},
year = {2014}
}

@article{Loiseau03a,
author = {Loiseau, Nicolas and Gomis, Jean-Marie and Santolini, J\'{e}r\^{o}me and Delaforge, Marcel and Andr\'{e}, Fran\c{c}ois},
doi = {10.1002/bip.10339},
issn = {0006-3525},
journal = {Biopolymers},
keywords = {Algorithms,Computer Simulation,Magnetic Resonance Spectroscopy,Models, Molecular,Oligopeptides,Oligopeptides: chemistry,Peptides, Cyclic,Peptides, Cyclic: chemistry,Protein Conformation,Solutions,Solutions: chemistry,Thermodynamics,loiseau},
mendeley-tags = {loiseau},
month = jul,
number = {3},
pages = {363--85},
pmid = {12833263},
title = {{Predicting the conformational states of cyclic tetrapeptides.}},
url = {http://www.ncbi.nlm.nih.gov/pubmed/12833263},
volume = {69},
year = {2003}
}
@article{Jansen06a,
author = {Jansen, Martin and Doll, Klaus and Sch\"{o}n, J Christian},
doi = {10.1107/S0108767310026371},
journal = {Acta Cryst. A},
keywords = { rational synthesis planning, structure prediction,energy landscape},
month = sep,
number = {5},
pages = {518--534},
title = {{Addressing chemical diversity by employing the energy landscape concept}},
url = {http://dx.doi.org/10.1107/S0108767310026371},
volume = {66},
year = {2010}
}

@article{Ye06a,
author = {Che, Ye and Marshall, Garland R},
doi = {10.1021/jm0507072},
journal = {J. Med. Chem.},
number = {1},
pages = {111--124},
title = {{Engineering Cyclic Tetrapeptides Containing Chimeric Amino Acids as Preferred Reverse-Turn Scaffolds}},
url = {http://dx.doi.org/10.1021/jm0507072},
volume = {49},
year = {2006}
}

@article{Joo12a,
annote = {Intro, cyc pep paper},
author = {Joo, Sang Hoon},
doi = {10.4062/biomolther.2012.20.1.019},
issn = {1976-9148},
journal = {Biomol Ther (Seoul)},
keywords = {cyclic peptides},
mendeley-tags = {cyclic peptides},
month = jan,
number = {1},
pages = {19--26},
pmid = {24116270},
title = {{Cyclic peptides as therapeutic agents and biochemical tools.}},
url = {http://www.pubmedcentral.nih.gov/articlerender.fcgi?artid=3792197\&tool=pmcentrez\&rendertype=abstract},
volume = {20},
year = {2012}
}


@article{Chang89a,
author = {Chang, George and Guida, Wayne C. and Still, W. Clark},
doi = {10.1021/ja00194a035},
issn = {0002-7863},
journal = {J. Am. Chem. Soc.},
keywords = {cyclic peptides},
mendeley-tags = {cyclic peptides},
month = jun,
number = {12},
pages = {4379--4386},
publisher = {American Chemical Society},
title = {{An internal-coordinate Monte Carlo method for searching conformational space}},
url = {http://dx.doi.org/10.1021/ja00194a035},
volume = {111},
year = {1989}
}

@article{Schoen96a,
author = {Sch\"{o}n, J C and Putz, H and Jansen, M},
doi = {10.1088/0953-8984/8/2/004},
issn = {0953-8984},
journal = {J. Phys. Cond. Mat.},
keywords = {threshold algorithm},
mendeley-tags = {threshold algorithm},
month = jan,
number = {2},
pages = {143--156},
title = {{Studying the energy hypersurface of continuous systems - the threshold algorithm}},
url = {http://stacks.iop.org/0953-8984/8/i=2/a=004},
volume = {8},
year = {1996}
}


@article{Schoen99c,
author    = {J. C. Sch{\"{o}}n and M. Jansen},
title     = {{Structure prediction of solids via investigation of potential energy surfaces}},
journal   = {Acta Cryst A (Suppl.)},
year      = {1999},
volume    = {55}
}

@incollection{Schoen99a,
author    = {J. C. Sch{\"{o}}n and M. Jansen},
editor    = {Z. Maksic and W. Orville-Thomas},
title     = {{Predicting structures of compounds in the solid state by the global optimisation approach}},
booktitle = {Pauling's Legacy: Modern Modeling of the Chemical Bond},
pages     = {103-127},
year      = {1999},
publisher = {Elsevier},
address   = {Amsterdam}
}

@phdthesis{Pentin08b,
author    = {I. V. Pentin},
title     = {{Computational determination of the low-temperature parts of phase diagrams on ab initio level}},
year      = {2008},
month     = {December},
school    = {University Stuttgart},
type      = {PhD-thesis}
}

@article{Schon08b,
author = {Sch\"{o}n, J C and Cancarevi\'{c}, Z P and Hannemann, A and Jansen, M},
doi = {10.1063/1.2919988},
isbn = {doi:10.1063/1.2919988},
issn = {0021-9606},
journal = {J. Chem. Phys.},
month = may,
number = {19},
pages = {194712},
pmid = {18500891},
publisher = {AIP Publishing},
title = {{Free enthalpy landscape of SrO.}},
url = {http://scitation.aip.org/content/aip/journal/jcp/128/19/10.1063/1.2919988},
volume = {128},
year = {2008}
}

@article{Heard15a,
author = {Heard, Christopher J and Johnston, Roy L and Sch\"{o}n, J Christian},
doi = {10.1002/cphc.201402887},
issn = {1439-7641},
journal = {Chemphyschem},
month = may,
number = {7},
pages = {1461--9},
pmid = {25784077},
title = {{Energy landscape exploration of sub-nanometre copper-silver clusters.}},
url = {http://www.ncbi.nlm.nih.gov/pubmed/25784077},
volume = {16},
year = {2015}
}

@article{Pacheco12a,
author = {Pacheco-Contreras, Rafael and Dessens-F\'{e}lix, Maribel and Borb\'{o}n-Gonz\'{a}lez, Dora J and Paz-Borb\'{o}n, L Oliver and Johnston, Roy L and Sch\"{o}n, J Christian and Posada-Amarillas, Alvaro},
doi = {10.1021/jp3023925},
issn = {1520-5215},
journal = {J. Phys. Chem. A},
month = may,
number = {21},
pages = {5235--9},
pmid = {22559786},
publisher = {American Chemical Society},
title = {{Tetrahelix conformations and transformation pathways in Pt1Pd12 clusters.}},
url = {http://dx.doi.org/10.1021/jp3023925},
volume = {116},
year = {2012}
}

@article{Case05a,
abstract = {We describe the development, current features, and some directions for future development of the Amber package of computer programs. This package evolved from a program that was constructed in the late 1970s to do Assisted Model Building with Energy Refinement, and now contains a group of programs embodying a number of powerful tools of modern computational chemistry, focused on molecular dynamics and free energy calculations of proteins, nucleic acids, and carbohydrates. (c) 2005 Wiley Periodicals, Inc.},
address = {Department of Molecular Biology, The Scripps Research Institute, 10550 North Torrey Pines Raod, TPC15, La Jolla, California 92037.},
author = {Case, David A and Cheatham, Thomas E and Darden, Tom and Gohlke, Holger and Luo, Ray and Merz, Kenneth M and Onufriev, Alexey and Simmerling, Carlos and Wang, Bing and Woods, Robert J},
doi = {10.1002/jcc.20290},
issn = {0192-8651},
journal = {J. Comp. Chem.},
keywords = { ref1, structure, tools,nmr},
month = dec,
number = {16},
pages = {1668--1688},
pmid = {16200636},
publisher = {Wiley Subscription Services, Inc., A Wiley Company},
title = {{The Amber biomolecular simulation programs.}},
url = {http://dx.doi.org/10.1002/jcc.20290},
volume = {26},
year = {2005}
}


@article{Duan03a,
author = {Duan, Yong and Wu, Chun and Chowdhury, Shibasish and Lee, Mathew C and Xiong, Guoming and Zhang, Wei and Yang, Rong and Cieplak, Piotr and Luo, Ray and Lee, Taisung and Caldwell, James and Wang, Junmei and Kollman, Peter},
doi = {10.1002/jcc.10349},
issn = {0192-8651},
journal = {J. Comp. Chem.},
keywords = {AMberff03,Algorithms,Amino Acids,Amino Acids: chemistry,Chemistry, Physical,Computer Simulation,Databases, Factual,Dipeptides,Dipeptides: chemistry,Hydrogen Bonding,Mathematical Computing,Models, Theoretical,Peptides,Peptides: chemistry,Physicochemical Phenomena,Protein Conformation,Protein Structure, Secondary,Proteins,Proteins: chemistry,Quantum Theory,Solvents,Solvents: chemistry,Static Electricity,Thermodynamics,Water,Water: chemistry},
mendeley-tags = {AMberff03},
month = dec,
number = {16},
pages = {1999--2012},
pmid = {14531054},
title = {{A point-charge force field for molecular mechanics simulations of proteins based on condensed-phase quantum mechanical calculations.}},
url = {http://www.ncbi.nlm.nih.gov/pubmed/14531054},
volume = {24},
year = {2003}
}

@manual{AMBERT14a,
keywords = {ambertools},
title = {{AmberTools 14 User Manual}}
}

@manual{LEAP,
keyword = {LEAP},
title = {LEAP},
author = {Schafmeister, Christian E. A. F. and Ross, William S. and Romanovski, Vladimir},
note = {University of California, San Francisco(1995)}
}

@book{Macke97a,
address = {Washington, DC},
author = {{Thomas J. Macke} and {David A. Case}},
doi = {10.1021/bk-1998-0682},
editor = {Leontis, Neocles B. and SantaLucia, John},
isbn = {0-8412-3541-4},
keywords = {NAB},
mendeley-tags = {NAB},
month = nov,
pages = {379--393},
publisher = {American Chemical Society},
series = {ACS Symposium Series},
title = {{Molecular Modeling of Nucleic Acids}},
url = {http://dx.doi.org/10.1021/bk-1998-0682.ch024},
volume = {682},
year = {1997}
}

@article{Mongan04a,
author = {Mongan, John and Case, David A and McCammon, J Andrew},
doi = {10.1002/jcc.20139},
issn = {1096-987X},
journal = {J. Comp. Chem.},
keywords = { Monte Carlo, generalized Born, lysozyme, pKa prediction,constant pH molecular dynamics},
number = {16},
pages = {2038--2048},
publisher = {John Wiley \& Sons, Inc.},
title = {{Constant pH molecular dynamics in generalized Born implicit solvent}},
url = {http://dx.doi.org/10.1002/jcc.20139},
volume = {25},
year = {2004}
}

@article{Che06a,
annote = {PMID: 16392797},
author = {Che, Ye and Marshall, Garland R},
doi = {10.1021/jm0507072},
journal = {J. Med. Chem. },
number = {1},
pages = {111--124},
title = {{Engineering Cyclic Tetrapeptides Containing Chimeric Amino Acids as Preferred Reverse-Turn Scaffolds}},
url = {http://dx.doi.org/10.1021/jm0507072},
volume = {49},
year = {2006}
}


@article{Tosso09a,
author = {Tosso, Rodrigo D and Zamora, Miguel A and Suvire, Fernando D and Enriz, Ricardo D},
doi = {10.1021/jp905187k},
issn = {1520-5215},
journal = {J. Phys. Chem.  A},
keywords = {Computational Biology,Models, Chemical,Models, Molecular,Oligopeptides,Oligopeptides: chemistry,Peptides, Cyclic,Peptides, Cyclic: chemistry,Protein Conformation,Stereoisomerism,Thermodynamics,cyclic peptides},
mendeley-tags = {cyclic peptides},
month = oct,
number = {40},
pages = {10818--25},
pmid = {19754096},
publisher = {American Chemical Society},
title = {{Ab initio and DFT study of the conformational energy hypersurface of cyclic Gly-Gly-Gly.}},
url = {http://dx.doi.org/10.1021/jp905187k},
volume = {113},
year = {2009}
}

@Article{Neelamraju12a,
author ={Neelamraju, S. and Sch{\"o}n, J. C. and Doll, K. and Jansen, M.},
title  ={Ab initio and empirical energy landscapes of (MgF2)n clusters (n = 3{,} 4)},
journal  ={Phys. Chem. Chem. Phys.},
year  ={2012},
volume  ={14},
issue  ={3},
pages  = {1223-1234},
publisher  = {The Royal Society of Chemistry},
doi  ={10.1039/C1CP22446H},
url  ={http://dx.doi.org/10.1039/C1CP22446H}
}
@article{Doll11a,
author    = {K. Doll and J. C. Sch{\"{o}}n and M. Jansen},
title    = {Ab initio energy landscape of LiF clusters},
journal   = {J. Chem. Phys.},
pages     = {024107},
year      = {2010},
volume    = {133}
}

@article{Pinet95a,
author = {Pinet, E and Neumann, J M and Dahse, I and Girault, G and Andr\'{e}, F},
doi = {10.1002/bip.360360204},
issn = {0006-3525},
journal = {Biopolymers},
keywords = {Chloroform,Magnetic Resonance Spectroscopy,Models, Molecular,Molecular Structure,Mycotoxins,Mycotoxins: chemistry,Peptides, Cyclic,Peptides, Cyclic: chemistry,Protein Conformation,Protein Structure, Tertiary,Spectrometry, Fluorescence,Temperature,cyclic peptides},
mendeley-tags = {cyclic peptides},
month = aug,
number = {2},
pages = {135--52},
pmid = {7492742},
title = {{Multiple interconverting conformers of the cyclic tetrapeptide tentoxin, [cyclo-(L-MeAla1-L-Leu2-MePhe[(Z) delta]3-Gly4)], as seen by two-dimensional 1H-nmr spectroscopy.}},
url = {http://www.ncbi.nlm.nih.gov/pubmed/7492742},
volume = {36},
year = {1995}
}

@book{Frenkel96a,
 editor = {Frenkel, Daan and Smit, Berend},
 title = {Understanding Molecular Simulation: From Algorithms to Applications},
 year = {1996},
 isbn = {0122673700},
 edition = {1st},
 publisher = {Academic Press, Inc.},
 address = {Orlando, FL, USA},
} 

@article{GLYCAM,
author = {Kirschner, Karl N and Yongye, Austin B and Tschampel, Sarah M and Gonz\'{a}lez-Outeiri\~{n}o, Jorge and Daniels, Charlisa R and Foley, B Lachele and Woods, Robert J},
doi = {10.1002/jcc.20820},
issn = {1096-987X},
journal = {J. Comp. Chem.},
keywords = {Alcohols,Alcohols: chemistry,Amides,Amides: chemistry,Carbohydrates,Carbohydrates: chemistry,Computer Simulation,Esters,Esters: chemistry,Ether,Ether: chemistry,Methylation,Models, Molecular,Molecular Structure,Software,Vibration},
month = mar,
number = {4},
pages = {622--55},
pmid = {17849372},
title = {{GLYCAM06: a generalizable biomolecular force field. Carbohydrates.}},
url = {http://www.pubmedcentral.nih.gov/articlerender.fcgi?artid=4423547\&tool=pmcentrez\&rendertype=abstract},
volume = {29},
year = {2008}
}
@article{Schoen09a,
Author = {J. C. {Sch\"on} and M. Jansen},
title = {Prediction, determimation and validation of phase diagrams via the global study of energy landscapes},
Journal= {Int. J. Mat. Res.},
Volume = {100},
Pages = {135-152},
Abstract = {},
Year = {2009}
}

@article{Schoen08b,
Author = {J.C. Sch\"on and {\v{Z}}. P. {\v{C}}an{\v{c}}arevi{\'{c}} and  A. Hannemann and M. Jansen},
title = {Free enthalpy landscape of SrO},
Journal= {J. Chem. Phys.},
Volume = {128},
Pages = {194712},
Abstract = {},
Year = {2008}
}

@article{Kopple88a,
author = {Kopple, Kenneth D. and Wang, Yu Sen. and Cheng, Anita Go. and Bhandary, Krishna K.},
title = {Conformations of cyclic octapeptides. 5. Crystal structure of cyclo(Cys-Gly-Pro-Phe)2 and rotating frame relaxation (T1.rho.) NMR studies of internal mobility in cyclic octapeptides},
journal = {J.Am. Chem. Soc.},
volume = {110},
number = {13},
pages = {4168-4176},
year = {1988},
doi = {10.1021/ja00221a012},

URL = {http://dx.doi.org/10.1021/ja00221a012},
eprint = {http://dx.doi.org/10.1021/ja00221a012}
}

@article{Oakley13a,
author = {Oakley, Mark T. and Oheix, Emmanuel and Peacock, Anna F. A. and Johnston, Roy L.},
title = {Computational and Experimental Investigations into the Conformations of Cyclic Tetra-α/β-peptides},
journal = {J. Phys. Chem. B},
volume = {117},
number = {27},
pages = {8122-8134},
year = {2013},
doi = {10.1021/jp4043039},
    note ={PMID: 23758504},
URL = {http://dx.doi.org/10.1021/jp4043039},
eprint = {http://dx.doi.org/10.1021/jp4043039}
}

@article{Kessler82a,
  title={Conformation and biological activity of cyclic peptides},
  author={Kessler, Horst},
  journal={Angew. Chem. Intl. Ed.},
  volume={21},
  number={7},
  pages={512--523},
  year={1982},
  publisher={Wiley Online Library}
}

@article{Rezai06a,
  title={Conformational flexibility, internal hydrogen bonding, and passive membrane permeability: successful in silico prediction of the relative permeabilities of cyclic peptides},
  author={Rezai, Taha and Bock, Jonathan E and Zhou, Mai V and Kalyanaraman, Chakrapani and Lokey, R Scott and Jacobson, Matthew P},
  journal={J. Am. Chem. Soc. },
  volume={128},
  number={43},
  pages={14073--14080},
  year={2006},
  publisher={ACS Publications}
}

@article {Doll11b,
author = {Doll, Klaus and Jansen, Martin},
title = {Ab Initio Energy Landscape of GeF2: A System Featuring Lone Pair Structure Candidates},
journal = {Angew. Chem.},
volume = {123},
number = {20},
publisher = {WILEY-VCH Verlag},
issn = {1521-3757},
url = {http://dx.doi.org/10.1002/ange.201008070},
doi = {10.1002/ange.201008070},
pages = {4723--4728},
keywords = {Ab-initio-Rechnungen, Freie Elektronenpaare, Festkörperstrukturen, Strukturaufklärung},
year = {2011},
}

@article{Herve91a,
author = {{Herve du Penhoat}, Catherine and Imberty, Anne and Roques, Nathalie and Michon, Veronique and Mentech, Julio and Descotes, Gerard and Perez, Serge},
doi = {10.1021/ja00010a014},
issn = {0002-7863},
journal = {J. Am. Chem. Soc.},
month = may,
number = {10},
pages = {3720--3727},
publisher = {American Chemical Society},
title = {{Conformational behavior of sucrose and its deoxy analog in water as determined by NMR and molecular modeling}},
url = {http://pubs.acs.org/doi/abs/10.1021/ja00010a014},
volume = {113},
year = {1991}
}

@article{Bock82a,
author = {Bock, Klaus and Lemieux, Raymond U},
doi = {http://dx.doi.org/10.1016/S0008-6215(00)81026-5},
issn = {0008-6215},
journal = {Carbohydr Res},
number = {1},
pages = {63--74},
title = {{The conformational properties of sucrose in aqueous solution: intramolecular hydrogen-bonding}},
url = {http://www.sciencedirect.com/science/article/pii/S0008621500810265},
volume = {100},
year = {1982}
}

@article{Immel95a,
author = {Immel, Stefan and Lichtenthaler, Frieder W.},
doi = {10.1002/jlac.1995199511272},
issn = {09473440},
journal = {Liebigs Ann.},
month = {nov},
number = {11},
pages = {1925--1937},
title = {{Molecular modeling of saccharides, 7. The conformation of sucrose in water: A molecular dynamics approach}},
url = {http://doi.wiley.com/10.1002/jlac.1995199511272},
volume = {1995},
year = {1995}
}

@misc{OPTIM,
author = {Wales, David J},
keywords = { software,pathways},
title = {{OPTIM: A program for characterising stationary points and reaction pathways}},
url = {http://www-wales.ch.cam.ac.uk/OPTIM/}
}

@misc{PATHSAMPLE,
author = {Wales, David J},
keywords = { software,energy\_landscape},
title = {{PATHSAMPLE: A program for refining and analysing kinetic transition networks}},
url = {http://www-wales.ch.cam.ac.uk/PATHSAMPLE/}
}

@article{Onuchic12a,
author = {Su$\backslash$lkowska, Joanna I and Noel, Jeffrey K and Onuchic, Jose N},
doi = {10.1073/pnas.1201804109},
issn = {1091-6490},
journal = {Proc. Nat. Acad. Sci.},
keywords = { knotted\_protein, molecular\_dynamics, protein\_folding,energy\_landscape},
month = oct,
number = {44},
pages = {17783--17788},
pmid = {22891304},
publisher = {National Academy of Sciences},
title = {{Energy landscape of knotted protein folding}},
url = {http://dx.doi.org/10.1073/pnas.1201804109},
volume = {109},
year = {2012}
}

@article{Duker93a,
  title={(13 C) Substituted sucrose: 13 C 1 H and 13 C 13 C spin},
  author={Duker, Jennifer M and Serianni, Anthony S},
  journal={Carbohydr Res },
  volume={249},
  number={2},
  pages={281--303},
  year={1993},
  publisher={Elsevier}
}

@article{Hanson73a,
  title={Sucrose: X-ray refinement and comparison with neutron refinement},
  author={Hanson, JC and Sieker, LC and Jensen, LH},
  journal={Acta Cryst. B},
  volume={29},
  number={4},
  pages={797--808},
  year={1973},
  publisher={International Union of Crystallography}
}

@article{Ramachandran63a,
author = {Ramachandran, G.N. and Ramakrishnan, C. and Sasisekharan, V.},
doi = {10.1016/S0022-2836(63)80023-6},
issn = {00222836},
journal = {J. Mol. Biol.},
keywords = {ramachandran},
mendeley-tags = {ramachandran},
month = jul,
number = {1},
pages = {95--99},
title = {{Stereochemistry of polypeptide chain configurations}},
url = {http://www.sciencedirect.com/science/article/pii/S0022283663800236},
volume = {7},
year = {1963}
}

@article{Mccain86a,
  title={Rotational spectral density functions for aqueous sucrose: experimental determination using carbon-13 NMR},
  author={McCain, Douglas C and Markley, John L},
  journal={J. Am. Chem. Soc.},
  volume={108},
  number={15},
  pages={4259--4264},
  year={1986},
  publisher={ACS Publications}
}

@article{Poppe92a,
  title={The rigidity of sucrose: just an illusion?},
  author={Poppe, Leszek and Van Halbeek, Herman},
  journal={J. Am. Chem. Soc.},
  volume={114},
  number={3},
  pages={1092--1094},
  year={1992},
  publisher={ACS Publications}
}

@article{Dixon80a,
doi = {10.1111/j.1432-1033.1980.tb04941.x},
issn = {1432-1033},
journal = {Eur. J. Biochem.},
number = {2},
pages = {295--298},
publisher = {Blackwell Publishing Ltd},
title = {{Conformational Nomenclature for Five and Six-Membered Ring Forms of Monosaccharides and Their Derivatives}},
url = {http://dx.doi.org/10.1111/j.1432-1033.1980.tb04941.x},
volume = {111},
year = {1980}
}

@article{NWCHEM03a,
author = {Apr\`{a}, E},
doi = {10.1016/s0927-0256(03)00108-3},
issn = {09270256},
journal = {Comp. Mat. Sci.},
keywords = { dft, nwchem, software,ab-initio-calculations},
month = oct,
number = {2},
pages = {209--221},
title = {{NWChem for materials science}},
url = {http://dx.doi.org/10.1016/s0927-0256(03)00108-3},
volume = {28},
year = {2003}
}

@article{Becke93a,
author = {Becke, Axel D.},
doi = {10.1063/1.464913},
issn = {00219606},
journal = {J. Chem. Phys. },
month = apr,
number = {7},
pages = {5648},
publisher = {AIP Publishing},
title = {{Density-functional thermochemistry. III. The role of exact exchange}},
url = {http://scitation.aip.org/content/aip/journal/jcp/98/7/10.1063/1.464913},
volume = {98},
year = {1993}
}


@article{Lee88a,
  title = {Development of the Colle-Salvetti correlation-energy formula into a functional of the electron density},
  author = {Lee, Chengteh and Yang, Weitao and Parr, Robert G.},
  journal = {Phys. Rev. B},
  volume = {37},
  issue = {2},
  pages = {785--789},
  numpages = {0},
  year = {1988},
  month = {Jan},
  publisher = {American Physical Society},
  doi = {10.1103/PhysRevB.37.785},
  url = {http://link.aps.org/doi/10.1103/PhysRevB.37.785}
}


@article{Klamt93a,
abstract = {Starting from the screening in conductors, an algorithm for the accurate calculation of dielectric screening effects in solvents is presented, which leads to rather simple explicit expressions for the screening energy and its analytic gradient with respect to the solute coordinates. Thus geometry optimization of a solute within a realistic dielectric continuum model becomes practicable for the first time. The algorithm is suited for molecular mechanics as well as for any molecular orbital algorithm. The implementation into MOPAC and some example applications are reported.},
author = {Klamt, A. and Schurmann, G.},
doi = {10.1039/p29930000799},
issn = {0300-9580},
journal = {J. Chem. Soc., Perkin Trans. 2},
language = {en},
month = jan,
number = {5},
pages = {799},
publisher = {The Royal Society of Chemistry},
title = {{COSMO: a new approach to dielectric screening in solvents with explicit expressions for the screening energy and its gradient}},
url = {http://pubs.rsc.org/en/content/articlehtml/1993/p2/p29930000799},
year = {1993}
}

@article{Sibani97a,
author = {Sibani, Paolo and van der Pas, Ruud and Sch\"{o}n, J Christian},
doi = {http://dx.doi.org/10.1016/S0010-4655(98)00176-3},
issn = {0010-4655},
journal = {Comp. Phys. Comm.},
number = {1},
pages = {17--27},
title = {{The lid method for exhaustive exploration of metastable states of complex systems}},
url = {http://www.sciencedirect.com/science/article/pii/S0010465598001763},
volume = {116},
year = {1999}
}

@article{Deem99a,
author = {Wu, Minghong G and Deem, Michael W},
journal = {J Chem. Phys.},
number = {14},
title = {{Analytical rebridging Monte Carlo: Application to cis/trans isomerization in proline-containing, cyclic peptides}},
volume = {111},
year = {1999}
}

@article{Dowd11a,
author = {Dowd, Michael K and Kiely, Donald E and Zhang, Jinsong},
doi = {10.1016/j.carres.2011.04.013},
issn = {1873-426X},
journal = {Carbohydrate research},
keywords = {Carbohydrate Conformation,Carbohydrates,Carbohydrates: chemistry,Computer Simulation,Monte Carlo Method,Software},
month = jul,
number = {9},
pages = {1140--8},
pmid = {21536262},
title = {{Monte Carlo-based searching as a tool to study carbohydrate structure.}},
url = {http://www.sciencedirect.com/science/article/pii/S0008621511001935},
volume = {346},
year = {2011}
}

@article{Dowd00a,
author = {French, A D and Kelterer, A.-M. and Johnson, G P and Dowd, M K and Cramer, C J},
doi = {10.1016/S1093-3263(00)00041-3},
journal = {J. Mol. Graph. Mod.},
number = {2},
pages = {95--107},
title = {{Constructing and evaluating energy surfaces of crystalline disaccharides}},
url = {http://www.scopus.com/inward/record.url?eid=2-s2.0-0034351346\&partnerID=40\&md5=f95b7b62a2f92a7eb803a24282e374b2},
volume = {18},
year = {2000}
}

@article{Cornell95a,
author = {Cornell, Wendy D and Cieplak, Piotr and Bayly, Christopher I and Gould, Ian R and Merz, Kenneth M and Ferguson, David M and Spellmeyer, David C and Fox, Thomas and Caldwell, James W and Kollman, Peter A},
doi = {10.1021/ja00124a002},
journal = {J. Am. Chem. Soc. },
number = {19},
pages = {5179--5197},
title = {{A Second Generation Force Field for the Simulation of Proteins, Nucleic Acids, and Organic Molecules}},
url = {http://dx.doi.org/10.1021/ja00124a002},
volume = {117},
year = {1995}
}
@article{CHARMM,
address = {Laboratory of Computational Biology, National Heart, Lung, and Blood Institute, National Institutes of Health, Bethesda, Maryland 20892; Department of Chemistry, University of Michigan, Ann Arbor, Michigan 48109; Department of Biophysics, University of Mi},
author = {Brooks, B R and Brooks, C L and Mackerell, A D and Nilsson, L and Petrella, R J and Roux, B and Won, Y and Archontis, G and Bartels, C and Boresch, S and Caflisch, A and Caves, L and Cui, Q and Dinner, A R and Feig, M and Fischer, S and Gao, J and Hodoscek, M and Im, W and Kuczera, K and Lazaridis, T and Ma, J and Ovchinnikov, V and Paci, E and Pastor, R W and Post, C B and Pu, J Z and Schaefer, M and Tidor, B and Venable, R M and Woodcock, H L and Wu, X and Yang, W and York, D M and Karplus, M},
doi = {10.1002/jcc.21287},
issn = {01928651},
journal = {J. Comput. Chem.},
keywords = {charmm},
month = jul,
number = {10},
pages = {1545--1614},
pmid = {19444816},
publisher = {Wiley Subscription Services, Inc., A Wiley Company},
title = {{CHARMM: The biomolecular simulation program}},
url = {http://dx.doi.org/10.1002/jcc.21287},
volume = {30},
year = {2009}
}

@article{OPLS,
address = {CABE, Department of Inorganic, Analytical and Applied Chemistry, Science II, University of Geneva, 30 Quai E. Ansermet, CH-1211 Geneva 4, Switzerland; Laboratory of Physical Chemistry, ETH Zurich, ETH H\"{o}nggerberg, CH-8093 Zurich, Switzerland},
author = {Kony, D and Damm, W and Stoll, S and {Van Gunsteren}, W F},
doi = {10.1002/jcc.10139},
issn = {0192-8651},
journal = {Journal of Computational Chemistry},
keywords = { opls,forcefield},
month = nov,
number = {15},
pages = {1416--1429},
publisher = {Wiley Subscription Services, Inc., A Wiley Company},
title = {{An improved OPLS-AA force field for carbohydrates}},
url = {http://dx.doi.org/10.1002/jcc.10139},
volume = {23},
year = {2002}
}


@article{Samish11a,
  title={Theoretical and computational protein design},
  author={Samish, Ilan and MacDermaid, Christopher M and Perez-Aguilar, Jose Manuel and Saven, Jeffery G},
  journal={Annual review of physical chemistry},
  volume={62},
  pages={129--149},
  year={2011},
  publisher={Annual Reviews}
}

@article{Watters07a,
  title={The highly cooperative folding of small naturally occurring proteins is likely the result of natural selection},
  author={Watters, Alexander L and Deka, Pritilekha and Corrent, Colin and Callender, David and Varani, Gabriele and Sosnick, Tobin and Baker, David},
  journal={Cell},
  volume={128},
  number={3},
  pages={613--624},
  year={2007},
  publisher={Elsevier}
}

@article{Kuhlman03a,
  title={Design of a novel globular protein fold with atomic-level accuracy},
  author={Kuhlman, Brian and Dantas, Gautam and Ireton, Gregory C and Varani, Gabriele and Stoddard, Barry L and Baker, David},
  journal={Science},
  volume={302},
  number={5649},
  pages={1364--1368},
  year={2003},
  publisher={American Association for the Advancement of Science}
}

@article{Wales97a,
  title={Global optimization by basin-hopping and the lowest energy structures of Lennard-Jones clusters containing up to 110 atoms},
  author={Wales, David J and Doye, Jonathan PK},
  journal={J. Phys. Chem. A},
  volume={101},
  number={28},
  pages={5111--5116},
  year={1997},
  publisher={ACS Publications}
}

@article{Li87a,
  title={Monte Carlo-minimization approach to the multiple-minima problem in protein folding},
  author={Li, Zhenqin and Scheraga, Harold A},
  journal={Proc. Nat. Acad. Sci.},
  volume={84},
  number={19},
  pages={6611--6615},
  year={1987},
  publisher={National Acad Sciences}
}

@article{Nguyen14a,
  title={Folding simulations for proteins with diverse topologies are accessible in days with a physics-based force field and implicit solvent},
  author={Nguyen, Hai and Maier, James and Huang, He and Perrone, Victoria and Simmerling, Carlos},
  journal={J. Am. Chem. Soc. },
  volume={136},
  number={40},
  pages={13959--13962},
  year={2014},
  publisher={ACS Publications}
}


@article{Carr05a,
  title={Global optimization and folding pathways of selected $\alpha$-helical proteins},
  author={Carr, Joanne M and Wales, David J},
  journal={J. Chem. Phys. },
  volume={123},
  number={23},
  pages={234901},
  year={2005},
  publisher={AIP Publishing}
}
@article{Yadahalli14a,
  title={Modeling Non-Native Interactions in Designed Proteins},
  author={Yadahalli, Shilpa and Hemanth Giri Rao, VV and Gosavi, Shachi},
  journal={Isr. J. Chem.},
  volume={54},
  number={8-9},
  pages={1230--1240},
  year={2014},
  publisher={Wiley Online Library}
}

@article{Wang04a,
  title={Development and testing of a general amber force field},
  author={Wang, Junmei and Wolf, Romain M and Caldwell, James W and Kollman, Peter A and Case, David A},
  journal={J. Comp. Chem.},
  volume={25},
  number={9},
  pages={1157--1174},
  year={2004},
  publisher={Wiley Online Library}
}

@article{Neelamraju16b,
 title = {A threshold-minimisation scheme for exploring the energy landscape of biomolecules: Applications to a cyclic peptide and a disaccharide},
 author ={Neelamraju, S. and Johnston, R. L. and Sch{\"o}n, J. C. },
 note = {In press.}
 journal={J. Chem. Theor. Comput.},
 }
 
@article{Neelamraju16a,
  title={Chiral effects on helicity studied via the energy landscape of short (d, l)-alanine peptides},
  author={Neelamraju, S and Oakley, Mark T and Johnston, Roy L},
  journal={J. Chem. Phys. },
  volume={143},
  number={16},
  pages={165103},
  year={2015},
  publisher={AIP Publishing}
}
 
@article{Neelamraju15c,
 title = {Exploring the energy landscape of disaccharides through discrete path sampling},
 author ={Neelamraju, S. and Johnston, R. L.},
 note = {In preparation}
 }

 
 
 
 
 
 
 
 
 
 
@article{Barettin11a,
  title = {Entropic algorithms and the lid method as exploration tools for complex landscapes},
  author = {Barettin, Daniele and Sibani, Paolo},
  journal = {Phys. Rev. E},
  volume = {84},
  issue = {3},
  pages = {036706},
  numpages = {7},
  year = {2011},
  month = {Sep},
  publisher = {American Physical Society},
  doi = {10.1103/PhysRevE.84.036706},
  url = {http://link.aps.org/doi/10.1103/PhysRevE.84.036706}
}

@article{Hundt13a,
  title={CCL: an algorithm for the efficient comparison of clusters},
  author={Hundt, R and Sch{\"o}n, JC and Neelamraju, S and Zagorac, J and Jansen, M},
  journal={J.  Appl. Cryst.},
  volume={46},
  number={3},
  pages={587--593},
  year={2013},
  publisher={International Union of Crystallography}
}
@article{Watters07a,
  title={The highly cooperative folding of small naturally occurring proteins is likely the result of natural selection},
  author={Watters, Alexander L and Deka, Pritilekha and Corrent, Colin and Callender, David and Varani, Gabriele and Sosnick, Tobin and Baker, David},
  journal={Cell},
  volume={128},
  number={3},
  pages={613--624},
  year={2007},
  publisher={Elsevier}
}

@article{Bryngelson95a,
  title={Funnels, pathways, and the energy landscape of protein folding: a synthesis},
  author={Bryngelson, Joseph D and Onuchic, Jose Nelson and Socci, Nicholas D and Wolynes, Peter G},
  journal={Proteins: Structure, Function, and Bioinformatics},
  volume={21},
  number={3},
  pages={167--195},
  year={1995},
  publisher={Wiley Online Library}
}

@article{Kaufmann10a,
  title={Practically useful: what the Rosetta protein modeling suite can do for you},
  author={Kaufmann, Kristian W and Lemmon, Gordon H and DeLuca, Samuel L and Sheehan, Jonathan H and Meiler, Jens},
  journal={Biochemistry},
  volume={49},
  number={14},
  pages={2987--2998},
  year={2010},
  publisher={ACS Publications}
}

@article{Yadahalli14a,
  title={Modeling Non-Native Interactions in Designed Proteins},
  author={Yadahalli, Shilpa and Hemanth Giri Rao, VV and Gosavi, Shachi},
  journal={Israel Journal of Chemistry},
  volume={54},
  number={8-9},
  pages={1230--1240},
  year={2014},
  publisher={Wiley Online Library}
}

@article{Trygubenko04a,
  title={A doubly nudged elastic band method for finding transition states},
  author={Trygubenko, Semen A and Wales, David J},
  journal={J. Chem. Phys. },
  volume={120},
  number={5},
  pages={2082--2094},
  year={2004},
  publisher={AIP Publishing}
}

@article{Becker97a,
  title={The topology of multidimensional potential energy surfaces: Theory and application to peptide structure and kinetics},
  author={Becker, Oren M and Karplus, Martin},
  journal={J. Chem. Phys. },
  volume={106},
  number={4},
  pages={1495--1517},
  year={1997},
  publisher={AIP Publishing}
}

@article{Evans04a,
  title={Folding of the GB1 hairpin peptide from discrete path sampling},
  author={Evans, David A and Wales, David J},
  journal={J. Chem. Phys. },
  volume={121},
  number={2},
  pages={1080--1090},
  year={2004},
  publisher={AIP Publishing}
}

@book{Walesbook,
  title={Energy landscapes: Applications to clusters, biomolecules and glasses},
  author={Wales, David},
  year={2003},
  publisher={Cambridge University Press}
}